@Misc{pr_guide,
howpublished = {\url{https://www.eia.gov/state/seds/sep_prices/notes/pr_guide.pdf}}
}

@Misc{timmurphy.org,  
howpublished = {\url{http://timmurphy.org/2009/07/22/line-spacing-in-latex-documents/}},  
note = {Accessed April 4, 2010},  
title = {Line Spacing in LaTeX documents},  
author = {Murphy, Timothy I}  
}  

