@article{PEISHI1989297,
title = "A mathematical model of drying processes",
journal = "International Journal of Heat and Mass Transfer",
volume = "32",
number = "2",
pages = "297 - 310",
year = "1989",
issn = "0017-9310",
doi = "https://doi.org/10.1016/0017-9310(89)90177-4",
url = "http://www.sciencedirect.com/science/article/pii/0017931089901774",
author = "Chen Peishi and David C.T. Pei"
}

@Misc{timmurphy.org,  
howpublished = {\url{http://timmurphy.org/2009/07/22/line-spacing-in-latex-documents/}},  
note = {Accessed April 4, 2010},  
title = {Line Spacing in LaTeX documents},  
author = {Murphy, Timothy I}  
}  